%YAML 1.1
%TAG !u! tag:unity3d.com,2011:
--- !u!1 &417306316815302873
GameObject:
  m_ObjectHideFlags: 0
  m_CorrespondingSourceObject: {fileID: 0}
  m_PrefabInstance: {fileID: 0}
  m_PrefabAsset: {fileID: 0}
  serializedVersion: 6
  m_Component:
  - component: {fileID: 1078085475191272272}
  - component: {fileID: 6140212480682485437}
  - component: {fileID: 5672348041329573458}
  - component: {fileID: 3125843443189185982}
  m_Layer: 0
  m_Name: VentiladorLadoVertical
  m_TagString: Untagged
  m_Icon: {fileID: 0}
  m_NavMeshLayer: 0
  m_StaticEditorFlags: 0
  m_IsActive: 1
--- !u!4 &1078085475191272272
Transform:
  m_ObjectHideFlags: 0
  m_CorrespondingSourceObject: {fileID: 0}
  m_PrefabInstance: {fileID: 0}
  m_PrefabAsset: {fileID: 0}
  m_GameObject: {fileID: 417306316815302873}
  m_LocalRotation: {x: 0, y: 1, z: 0, w: 0}
  m_LocalPosition: {x: -63.87, y: 0, z: 55.18}
  m_LocalScale: {x: 3, y: 3, z: 3}
  m_ConstrainProportionsScale: 0
  m_Children:
  - {fileID: 2888167476831716039}
  - {fileID: 5257293292803254762}
  - {fileID: 1727317821544857865}
  - {fileID: 3690212263510184442}
  - {fileID: 5558929271928740640}
  m_Father: {fileID: 0}
  m_RootOrder: -1
  m_LocalEulerAnglesHint: {x: 0, y: 180, z: 0}
--- !u!33 &6140212480682485437
MeshFilter:
  m_ObjectHideFlags: 0
  m_CorrespondingSourceObject: {fileID: 0}
  m_PrefabInstance: {fileID: 0}
  m_PrefabAsset: {fileID: 0}
  m_GameObject: {fileID: 417306316815302873}
  m_Mesh: {fileID: 4300000, guid: 03e4393a5a4f05f4fafeba657f31267e, type: 3}
--- !u!23 &5672348041329573458
MeshRenderer:
  m_ObjectHideFlags: 0
  m_CorrespondingSourceObject: {fileID: 0}
  m_PrefabInstance: {fileID: 0}
  m_PrefabAsset: {fileID: 0}
  m_GameObject: {fileID: 417306316815302873}
  m_Enabled: 1
  m_CastShadows: 1
  m_ReceiveShadows: 1
  m_DynamicOccludee: 1
  m_StaticShadowCaster: 0
  m_MotionVectors: 1
  m_LightProbeUsage: 1
  m_ReflectionProbeUsage: 1
  m_RayTracingMode: 2
  m_RayTraceProcedural: 0
  m_RenderingLayerMask: 4294967295
  m_RendererPriority: 0
  m_Materials:
  - {fileID: 2100000, guid: 853e9bd6573f9974193e2f4b807d1e3e, type: 2}
  m_StaticBatchInfo:
    firstSubMesh: 0
    subMeshCount: 0
  m_StaticBatchRoot: {fileID: 0}
  m_ProbeAnchor: {fileID: 0}
  m_LightProbeVolumeOverride: {fileID: 0}
  m_ScaleInLightmap: 1
  m_ReceiveGI: 1
  m_PreserveUVs: 0
  m_IgnoreNormalsForChartDetection: 0
  m_ImportantGI: 0
  m_StitchLightmapSeams: 0
  m_SelectedEditorRenderState: 3
  m_MinimumChartSize: 4
  m_AutoUVMaxDistance: 0.5
  m_AutoUVMaxAngle: 89
  m_LightmapParameters: {fileID: 0}
  m_SortingLayerID: 0
  m_SortingLayer: 0
  m_SortingOrder: 0
  m_AdditionalVertexStreams: {fileID: 0}
--- !u!95 &3125843443189185982
Animator:
  serializedVersion: 5
  m_ObjectHideFlags: 0
  m_CorrespondingSourceObject: {fileID: 0}
  m_PrefabInstance: {fileID: 0}
  m_PrefabAsset: {fileID: 0}
  m_GameObject: {fileID: 417306316815302873}
  m_Enabled: 1
  m_Avatar: {fileID: 9000000, guid: 03e4393a5a4f05f4fafeba657f31267e, type: 3}
  m_Controller: {fileID: 0}
  m_CullingMode: 0
  m_UpdateMode: 0
  m_ApplyRootMotion: 0
  m_LinearVelocityBlending: 0
  m_StabilizeFeet: 0
  m_WarningMessage: 
  m_HasTransformHierarchy: 1
  m_AllowConstantClipSamplingOptimization: 1
  m_KeepAnimatorStateOnDisable: 0
  m_WriteDefaultValuesOnDisable: 0
--- !u!1001 &1206476778753664486
PrefabInstance:
  m_ObjectHideFlags: 0
  serializedVersion: 2
  m_Modification:
    serializedVersion: 3
    m_TransformParent: {fileID: 1078085475191272272}
    m_Modifications:
    - target: {fileID: 5258827283627240206, guid: 0a555ff99a1909f458ed0f83e9c3e92a,
        type: 3}
      propertyPath: m_Name
      value: ObjetoQueHacerVolar(Lado)
      objectReference: {fileID: 0}
    - target: {fileID: 5258827283627240206, guid: 0a555ff99a1909f458ed0f83e9c3e92a,
        type: 3}
      propertyPath: m_IsActive
      value: 1
      objectReference: {fileID: 0}
    - target: {fileID: 5394916408571440594, guid: 0a555ff99a1909f458ed0f83e9c3e92a,
        type: 3}
      propertyPath: m_Size.z
      value: 0.4226535
      objectReference: {fileID: 0}
    - target: {fileID: 5394916408571440594, guid: 0a555ff99a1909f458ed0f83e9c3e92a,
        type: 3}
      propertyPath: m_Center.x
      value: -0.00000026488382
      objectReference: {fileID: 0}
    - target: {fileID: 5394916408571440594, guid: 0a555ff99a1909f458ed0f83e9c3e92a,
        type: 3}
      propertyPath: m_Center.z
      value: -0.2886731
      objectReference: {fileID: 0}
    - target: {fileID: 5511616820872925793, guid: 0a555ff99a1909f458ed0f83e9c3e92a,
        type: 3}
      propertyPath: m_particleSystemFinal
      value: 
      objectReference: {fileID: 1422181498086016213}
    - target: {fileID: 5511616820872925793, guid: 0a555ff99a1909f458ed0f83e9c3e92a,
        type: 3}
      propertyPath: m_CantidadQueHaceVolar
      value: 300
      objectReference: {fileID: 0}
    - target: {fileID: 5511616820872925793, guid: 0a555ff99a1909f458ed0f83e9c3e92a,
        type: 3}
      propertyPath: m_particleSystemInicial
      value: 
      objectReference: {fileID: 5125544425909290521}
    - target: {fileID: 6744998630602309318, guid: 0a555ff99a1909f458ed0f83e9c3e92a,
        type: 3}
      propertyPath: m_RootOrder
      value: 25
      objectReference: {fileID: 0}
    - target: {fileID: 6744998630602309318, guid: 0a555ff99a1909f458ed0f83e9c3e92a,
        type: 3}
      propertyPath: m_LocalScale.x
      value: 4.2074428
      objectReference: {fileID: 0}
    - target: {fileID: 6744998630602309318, guid: 0a555ff99a1909f458ed0f83e9c3e92a,
        type: 3}
      propertyPath: m_LocalPosition.x
      value: 0.1923
      objectReference: {fileID: 0}
    - target: {fileID: 6744998630602309318, guid: 0a555ff99a1909f458ed0f83e9c3e92a,
        type: 3}
      propertyPath: m_LocalPosition.y
      value: 1.32
      objectReference: {fileID: 0}
    - target: {fileID: 6744998630602309318, guid: 0a555ff99a1909f458ed0f83e9c3e92a,
        type: 3}
      propertyPath: m_LocalPosition.z
      value: -3.2815
      objectReference: {fileID: 0}
    - target: {fileID: 6744998630602309318, guid: 0a555ff99a1909f458ed0f83e9c3e92a,
        type: 3}
      propertyPath: m_LocalRotation.w
      value: -0.0030324163
      objectReference: {fileID: 0}
    - target: {fileID: 6744998630602309318, guid: 0a555ff99a1909f458ed0f83e9c3e92a,
        type: 3}
      propertyPath: m_LocalRotation.x
      value: -0
      objectReference: {fileID: 0}
    - target: {fileID: 6744998630602309318, guid: 0a555ff99a1909f458ed0f83e9c3e92a,
        type: 3}
      propertyPath: m_LocalRotation.y
      value: 0.9999954
      objectReference: {fileID: 0}
    - target: {fileID: 6744998630602309318, guid: 0a555ff99a1909f458ed0f83e9c3e92a,
        type: 3}
      propertyPath: m_LocalRotation.z
      value: -0
      objectReference: {fileID: 0}
    - target: {fileID: 6744998630602309318, guid: 0a555ff99a1909f458ed0f83e9c3e92a,
        type: 3}
      propertyPath: m_LocalEulerAnglesHint.x
      value: 0
      objectReference: {fileID: 0}
    - target: {fileID: 6744998630602309318, guid: 0a555ff99a1909f458ed0f83e9c3e92a,
        type: 3}
      propertyPath: m_LocalEulerAnglesHint.y
      value: 180.347
      objectReference: {fileID: 0}
    - target: {fileID: 6744998630602309318, guid: 0a555ff99a1909f458ed0f83e9c3e92a,
        type: 3}
      propertyPath: m_LocalEulerAnglesHint.z
      value: 0
      objectReference: {fileID: 0}
    - target: {fileID: 7426981508720976021, guid: 0a555ff99a1909f458ed0f83e9c3e92a,
        type: 3}
      propertyPath: m_Size.z
      value: 0.9295442
      objectReference: {fileID: 0}
    - target: {fileID: 7426981508720976021, guid: 0a555ff99a1909f458ed0f83e9c3e92a,
        type: 3}
      propertyPath: m_Center.x
      value: -0.00000037783386
      objectReference: {fileID: 0}
    - target: {fileID: 7426981508720976021, guid: 0a555ff99a1909f458ed0f83e9c3e92a,
        type: 3}
      propertyPath: m_Center.z
      value: -0.03523009
      objectReference: {fileID: 0}
    - target: {fileID: 9185523338461895377, guid: 0a555ff99a1909f458ed0f83e9c3e92a,
        type: 3}
      propertyPath: m_LocalPosition.x
      value: -0
      objectReference: {fileID: 0}
    - target: {fileID: 9185523338461895377, guid: 0a555ff99a1909f458ed0f83e9c3e92a,
        type: 3}
      propertyPath: m_LocalPosition.y
      value: -0.532
      objectReference: {fileID: 0}
    - target: {fileID: 9185523338461895377, guid: 0a555ff99a1909f458ed0f83e9c3e92a,
        type: 3}
      propertyPath: m_LocalPosition.z
      value: 0.184
      objectReference: {fileID: 0}
    m_RemovedComponents: []
    m_RemovedGameObjects: []
    m_AddedGameObjects: []
    m_AddedComponents: []
  m_SourcePrefab: {fileID: 100100000, guid: 0a555ff99a1909f458ed0f83e9c3e92a, type: 3}
--- !u!4 &5558929271928740640 stripped
Transform:
  m_CorrespondingSourceObject: {fileID: 6744998630602309318, guid: 0a555ff99a1909f458ed0f83e9c3e92a,
    type: 3}
  m_PrefabInstance: {fileID: 1206476778753664486}
  m_PrefabAsset: {fileID: 0}
--- !u!1001 &2196303701543247428
PrefabInstance:
  m_ObjectHideFlags: 0
  serializedVersion: 2
  m_Modification:
    serializedVersion: 3
    m_TransformParent: {fileID: 1078085475191272272}
    m_Modifications:
    - target: {fileID: 685247516467158861, guid: 73c20cfc1d91aa84487a455172e7f127,
        type: 3}
      propertyPath: m_RootOrder
      value: -1
      objectReference: {fileID: 0}
    - target: {fileID: 685247516467158861, guid: 73c20cfc1d91aa84487a455172e7f127,
        type: 3}
      propertyPath: m_LocalScale.x
      value: 0.59333336
      objectReference: {fileID: 0}
    - target: {fileID: 685247516467158861, guid: 73c20cfc1d91aa84487a455172e7f127,
        type: 3}
      propertyPath: m_LocalScale.y
      value: 0.33333334
      objectReference: {fileID: 0}
    - target: {fileID: 685247516467158861, guid: 73c20cfc1d91aa84487a455172e7f127,
        type: 3}
      propertyPath: m_LocalScale.z
      value: 0.39666668
      objectReference: {fileID: 0}
    - target: {fileID: 685247516467158861, guid: 73c20cfc1d91aa84487a455172e7f127,
        type: 3}
      propertyPath: m_LocalPosition.x
      value: 0.04
      objectReference: {fileID: 0}
    - target: {fileID: 685247516467158861, guid: 73c20cfc1d91aa84487a455172e7f127,
        type: 3}
      propertyPath: m_LocalPosition.y
      value: 0.92
      objectReference: {fileID: 0}
    - target: {fileID: 685247516467158861, guid: 73c20cfc1d91aa84487a455172e7f127,
        type: 3}
      propertyPath: m_LocalPosition.z
      value: -3.46
      objectReference: {fileID: 0}
    - target: {fileID: 685247516467158861, guid: 73c20cfc1d91aa84487a455172e7f127,
        type: 3}
      propertyPath: m_LocalRotation.w
      value: -0.0000033974643
      objectReference: {fileID: 0}
    - target: {fileID: 685247516467158861, guid: 73c20cfc1d91aa84487a455172e7f127,
        type: 3}
      propertyPath: m_LocalRotation.x
      value: -0.00038394838
      objectReference: {fileID: 0}
    - target: {fileID: 685247516467158861, guid: 73c20cfc1d91aa84487a455172e7f127,
        type: 3}
      propertyPath: m_LocalRotation.y
      value: -0.9999619
      objectReference: {fileID: 0}
    - target: {fileID: 685247516467158861, guid: 73c20cfc1d91aa84487a455172e7f127,
        type: 3}
      propertyPath: m_LocalRotation.z
      value: 0.008717849
      objectReference: {fileID: 0}
    - target: {fileID: 685247516467158861, guid: 73c20cfc1d91aa84487a455172e7f127,
        type: 3}
      propertyPath: m_LocalEulerAnglesHint.x
      value: 0.999
      objectReference: {fileID: 0}
    - target: {fileID: 685247516467158861, guid: 73c20cfc1d91aa84487a455172e7f127,
        type: 3}
      propertyPath: m_LocalEulerAnglesHint.y
      value: -90
      objectReference: {fileID: 0}
    - target: {fileID: 685247516467158861, guid: 73c20cfc1d91aa84487a455172e7f127,
        type: 3}
      propertyPath: m_LocalEulerAnglesHint.z
      value: 0.044
      objectReference: {fileID: 0}
    - target: {fileID: 8931157593402137385, guid: 73c20cfc1d91aa84487a455172e7f127,
        type: 3}
      propertyPath: m_Name
      value: VientoHaciaLadoInicial
      objectReference: {fileID: 0}
    - target: {fileID: 8931157593402137385, guid: 73c20cfc1d91aa84487a455172e7f127,
        type: 3}
      propertyPath: m_IsActive
      value: 1
      objectReference: {fileID: 0}
    m_RemovedComponents: []
    m_RemovedGameObjects: []
    m_AddedGameObjects: []
    m_AddedComponents: []
  m_SourcePrefab: {fileID: 100100000, guid: 73c20cfc1d91aa84487a455172e7f127, type: 3}
--- !u!4 &1727317821544857865 stripped
Transform:
  m_CorrespondingSourceObject: {fileID: 685247516467158861, guid: 73c20cfc1d91aa84487a455172e7f127,
    type: 3}
  m_PrefabInstance: {fileID: 2196303701543247428}
  m_PrefabAsset: {fileID: 0}
--- !u!1001 &5905956114977383895
PrefabInstance:
  m_ObjectHideFlags: 0
  serializedVersion: 2
  m_Modification:
    serializedVersion: 3
    m_TransformParent: {fileID: 1078085475191272272}
    m_Modifications:
    - target: {fileID: 1965660847662557044, guid: 23fa5998299bc854a9ad30c1a48a79ab,
        type: 3}
      propertyPath: m_Name
      value: VientoHaciaArribaInicial
      objectReference: {fileID: 0}
    - target: {fileID: 1965660847662557044, guid: 23fa5998299bc854a9ad30c1a48a79ab,
        type: 3}
      propertyPath: m_IsActive
      value: 1
      objectReference: {fileID: 0}
    - target: {fileID: 8485416831974381408, guid: 23fa5998299bc854a9ad30c1a48a79ab,
        type: 3}
      propertyPath: m_MaxParticleSize
      value: 3.5
      objectReference: {fileID: 0}
    - target: {fileID: 8782862389279319824, guid: 23fa5998299bc854a9ad30c1a48a79ab,
        type: 3}
      propertyPath: m_RootOrder
      value: -1
      objectReference: {fileID: 0}
    - target: {fileID: 8782862389279319824, guid: 23fa5998299bc854a9ad30c1a48a79ab,
        type: 3}
      propertyPath: m_LocalScale.x
      value: 0.33333334
      objectReference: {fileID: 0}
    - target: {fileID: 8782862389279319824, guid: 23fa5998299bc854a9ad30c1a48a79ab,
        type: 3}
      propertyPath: m_LocalScale.y
      value: 0.33333334
      objectReference: {fileID: 0}
    - target: {fileID: 8782862389279319824, guid: 23fa5998299bc854a9ad30c1a48a79ab,
        type: 3}
      propertyPath: m_LocalScale.z
      value: 0.17666666
      objectReference: {fileID: 0}
    - target: {fileID: 8782862389279319824, guid: 23fa5998299bc854a9ad30c1a48a79ab,
        type: 3}
      propertyPath: m_LocalPosition.x
      value: 0.17333984
      objectReference: {fileID: 0}
    - target: {fileID: 8782862389279319824, guid: 23fa5998299bc854a9ad30c1a48a79ab,
        type: 3}
      propertyPath: m_LocalPosition.y
      value: 0.24333334
      objectReference: {fileID: 0}
    - target: {fileID: 8782862389279319824, guid: 23fa5998299bc854a9ad30c1a48a79ab,
        type: 3}
      propertyPath: m_LocalPosition.z
      value: -2.996666
      objectReference: {fileID: 0}
    - target: {fileID: 8782862389279319824, guid: 23fa5998299bc854a9ad30c1a48a79ab,
        type: 3}
      propertyPath: m_LocalRotation.w
      value: -0.00000016055158
      objectReference: {fileID: 0}
    - target: {fileID: 8782862389279319824, guid: 23fa5998299bc854a9ad30c1a48a79ab,
        type: 3}
      propertyPath: m_LocalRotation.x
      value: -0.008714174
      objectReference: {fileID: 0}
    - target: {fileID: 8782862389279319824, guid: 23fa5998299bc854a9ad30c1a48a79ab,
        type: 3}
      propertyPath: m_LocalRotation.y
      value: -0.9999619
      objectReference: {fileID: 0}
    - target: {fileID: 8782862389279319824, guid: 23fa5998299bc854a9ad30c1a48a79ab,
        type: 3}
      propertyPath: m_LocalRotation.z
      value: -0.00048703738
      objectReference: {fileID: 0}
    - target: {fileID: 8782862389279319824, guid: 23fa5998299bc854a9ad30c1a48a79ab,
        type: 3}
      propertyPath: m_LocalEulerAnglesHint.x
      value: -0.056
      objectReference: {fileID: 0}
    - target: {fileID: 8782862389279319824, guid: 23fa5998299bc854a9ad30c1a48a79ab,
        type: 3}
      propertyPath: m_LocalEulerAnglesHint.y
      value: -0.001
      objectReference: {fileID: 0}
    - target: {fileID: 8782862389279319824, guid: 23fa5998299bc854a9ad30c1a48a79ab,
        type: 3}
      propertyPath: m_LocalEulerAnglesHint.z
      value: 0.999
      objectReference: {fileID: 0}
    m_RemovedComponents: []
    m_RemovedGameObjects: []
    m_AddedGameObjects: []
    m_AddedComponents: []
  m_SourcePrefab: {fileID: 100100000, guid: 23fa5998299bc854a9ad30c1a48a79ab, type: 3}
--- !u!4 &2888167476831716039 stripped
Transform:
  m_CorrespondingSourceObject: {fileID: 8782862389279319824, guid: 23fa5998299bc854a9ad30c1a48a79ab,
    type: 3}
  m_PrefabInstance: {fileID: 5905956114977383895}
  m_PrefabAsset: {fileID: 0}
--- !u!198 &5125544425909290521 stripped
ParticleSystem:
  m_CorrespondingSourceObject: {fileID: 1645991671827751886, guid: 23fa5998299bc854a9ad30c1a48a79ab,
    type: 3}
  m_PrefabInstance: {fileID: 5905956114977383895}
  m_PrefabAsset: {fileID: 0}
--- !u!1001 &7553829912644357974
PrefabInstance:
  m_ObjectHideFlags: 0
  serializedVersion: 2
  m_Modification:
    serializedVersion: 3
    m_TransformParent: {fileID: 1078085475191272272}
    m_Modifications:
    - target: {fileID: 2315184655985796796, guid: cd29e2b56799e794c854ff874bb57602,
        type: 3}
      propertyPath: m_RootOrder
      value: -1
      objectReference: {fileID: 0}
    - target: {fileID: 2315184655985796796, guid: cd29e2b56799e794c854ff874bb57602,
        type: 3}
      propertyPath: m_LocalScale.x
      value: 0.4
      objectReference: {fileID: 0}
    - target: {fileID: 2315184655985796796, guid: cd29e2b56799e794c854ff874bb57602,
        type: 3}
      propertyPath: m_LocalPosition.x
      value: 0.22
      objectReference: {fileID: 0}
    - target: {fileID: 2315184655985796796, guid: cd29e2b56799e794c854ff874bb57602,
        type: 3}
      propertyPath: m_LocalPosition.y
      value: 0.24
      objectReference: {fileID: 0}
    - target: {fileID: 2315184655985796796, guid: cd29e2b56799e794c854ff874bb57602,
        type: 3}
      propertyPath: m_LocalPosition.z
      value: -1.15
      objectReference: {fileID: 0}
    - target: {fileID: 2315184655985796796, guid: cd29e2b56799e794c854ff874bb57602,
        type: 3}
      propertyPath: m_LocalRotation.w
      value: -0.00000016055158
      objectReference: {fileID: 0}
    - target: {fileID: 2315184655985796796, guid: cd29e2b56799e794c854ff874bb57602,
        type: 3}
      propertyPath: m_LocalRotation.x
      value: -0.008714174
      objectReference: {fileID: 0}
    - target: {fileID: 2315184655985796796, guid: cd29e2b56799e794c854ff874bb57602,
        type: 3}
      propertyPath: m_LocalRotation.y
      value: -0.9999619
      objectReference: {fileID: 0}
    - target: {fileID: 2315184655985796796, guid: cd29e2b56799e794c854ff874bb57602,
        type: 3}
      propertyPath: m_LocalRotation.z
      value: -0.00048703738
      objectReference: {fileID: 0}
    - target: {fileID: 2315184655985796796, guid: cd29e2b56799e794c854ff874bb57602,
        type: 3}
      propertyPath: m_LocalEulerAnglesHint.x
      value: -0.056
      objectReference: {fileID: 0}
    - target: {fileID: 2315184655985796796, guid: cd29e2b56799e794c854ff874bb57602,
        type: 3}
      propertyPath: m_LocalEulerAnglesHint.y
      value: -0.001
      objectReference: {fileID: 0}
    - target: {fileID: 2315184655985796796, guid: cd29e2b56799e794c854ff874bb57602,
        type: 3}
      propertyPath: m_LocalEulerAnglesHint.z
      value: 0.999
      objectReference: {fileID: 0}
    - target: {fileID: 8903646334980996407, guid: cd29e2b56799e794c854ff874bb57602,
        type: 3}
      propertyPath: m_Name
      value: VientoHaciaArribaFinal
      objectReference: {fileID: 0}
    m_RemovedComponents: []
    m_RemovedGameObjects: []
    m_AddedGameObjects: []
    m_AddedComponents: []
  m_SourcePrefab: {fileID: 100100000, guid: cd29e2b56799e794c854ff874bb57602, type: 3}
--- !u!198 &1422181498086016213 stripped
ParticleSystem:
  m_CorrespondingSourceObject: {fileID: 8892360492386864003, guid: cd29e2b56799e794c854ff874bb57602,
    type: 3}
  m_PrefabInstance: {fileID: 7553829912644357974}
  m_PrefabAsset: {fileID: 0}
--- !u!4 &5257293292803254762 stripped
Transform:
  m_CorrespondingSourceObject: {fileID: 2315184655985796796, guid: cd29e2b56799e794c854ff874bb57602,
    type: 3}
  m_PrefabInstance: {fileID: 7553829912644357974}
  m_PrefabAsset: {fileID: 0}
--- !u!1001 &8052518483799740610
PrefabInstance:
  m_ObjectHideFlags: 0
  serializedVersion: 2
  m_Modification:
    serializedVersion: 3
    m_TransformParent: {fileID: 1078085475191272272}
    m_Modifications:
    - target: {fileID: 6698557323091509560, guid: 8ee7bcb087a5b4e449a397e111defe03,
        type: 3}
      propertyPath: m_RootOrder
      value: -1
      objectReference: {fileID: 0}
    - target: {fileID: 6698557323091509560, guid: 8ee7bcb087a5b4e449a397e111defe03,
        type: 3}
      propertyPath: m_LocalPosition.x
      value: 0.04000124
      objectReference: {fileID: 0}
    - target: {fileID: 6698557323091509560, guid: 8ee7bcb087a5b4e449a397e111defe03,
        type: 3}
      propertyPath: m_LocalPosition.y
      value: 0.3
      objectReference: {fileID: 0}
    - target: {fileID: 6698557323091509560, guid: 8ee7bcb087a5b4e449a397e111defe03,
        type: 3}
      propertyPath: m_LocalPosition.z
      value: -3.4533339
      objectReference: {fileID: 0}
    - target: {fileID: 6698557323091509560, guid: 8ee7bcb087a5b4e449a397e111defe03,
        type: 3}
      propertyPath: m_LocalRotation.w
      value: -0.0000033974643
      objectReference: {fileID: 0}
    - target: {fileID: 6698557323091509560, guid: 8ee7bcb087a5b4e449a397e111defe03,
        type: 3}
      propertyPath: m_LocalRotation.x
      value: -0.00038394838
      objectReference: {fileID: 0}
    - target: {fileID: 6698557323091509560, guid: 8ee7bcb087a5b4e449a397e111defe03,
        type: 3}
      propertyPath: m_LocalRotation.y
      value: -0.9999619
      objectReference: {fileID: 0}
    - target: {fileID: 6698557323091509560, guid: 8ee7bcb087a5b4e449a397e111defe03,
        type: 3}
      propertyPath: m_LocalRotation.z
      value: 0.008717849
      objectReference: {fileID: 0}
    - target: {fileID: 6698557323091509560, guid: 8ee7bcb087a5b4e449a397e111defe03,
        type: 3}
      propertyPath: m_LocalEulerAnglesHint.x
      value: 0.999
      objectReference: {fileID: 0}
    - target: {fileID: 6698557323091509560, guid: 8ee7bcb087a5b4e449a397e111defe03,
        type: 3}
      propertyPath: m_LocalEulerAnglesHint.y
      value: -90
      objectReference: {fileID: 0}
    - target: {fileID: 6698557323091509560, guid: 8ee7bcb087a5b4e449a397e111defe03,
        type: 3}
      propertyPath: m_LocalEulerAnglesHint.z
      value: 0.044
      objectReference: {fileID: 0}
    - target: {fileID: 7793088571465414119, guid: 8ee7bcb087a5b4e449a397e111defe03,
        type: 3}
      propertyPath: m_Name
      value: VientoHaciaLadoFinal
      objectReference: {fileID: 0}
    m_RemovedComponents: []
    m_RemovedGameObjects: []
    m_AddedGameObjects: []
    m_AddedComponents: []
  m_SourcePrefab: {fileID: 100100000, guid: 8ee7bcb087a5b4e449a397e111defe03, type: 3}
--- !u!4 &3690212263510184442 stripped
Transform:
  m_CorrespondingSourceObject: {fileID: 6698557323091509560, guid: 8ee7bcb087a5b4e449a397e111defe03,
    type: 3}
  m_PrefabInstance: {fileID: 8052518483799740610}
  m_PrefabAsset: {fileID: 0}
