%YAML 1.1
%TAG !u! tag:unity3d.com,2011:
--- !u!1 &61006686564315164
GameObject:
  m_ObjectHideFlags: 0
  m_CorrespondingSourceObject: {fileID: 0}
  m_PrefabInstance: {fileID: 0}
  m_PrefabAsset: {fileID: 0}
  serializedVersion: 6
  m_Component:
  - component: {fileID: 814823687623882590}
  - component: {fileID: 4183381136726983540}
  - component: {fileID: 2424631798636677946}
  - component: {fileID: 2364593672850611226}
  - component: {fileID: 2711432889530620780}
  - component: {fileID: 3929258273139227675}
  - component: {fileID: 7334692592404819021}
  - component: {fileID: 2770155570962401855}
  - component: {fileID: -4184486116798981888}
  - component: {fileID: 1452081161964664000}
  m_Layer: 6
  m_Name: BossExplosivo
  m_TagString: Untagged
  m_Icon: {fileID: 0}
  m_NavMeshLayer: 0
  m_StaticEditorFlags: 0
  m_IsActive: 1
--- !u!4 &814823687623882590
Transform:
  m_ObjectHideFlags: 0
  m_CorrespondingSourceObject: {fileID: 0}
  m_PrefabInstance: {fileID: 0}
  m_PrefabAsset: {fileID: 0}
  m_GameObject: {fileID: 61006686564315164}
  m_LocalRotation: {x: 0, y: 0, z: 0, w: 1}
  m_LocalPosition: {x: -112.97, y: 3.7, z: 323.8}
  m_LocalScale: {x: 7, y: 7, z: 7}
  m_ConstrainProportionsScale: 0
  m_Children:
  - {fileID: 8171767732458592548}
  m_Father: {fileID: 0}
  m_RootOrder: 0
  m_LocalEulerAnglesHint: {x: 0, y: 0, z: 0}
--- !u!65 &4183381136726983540
BoxCollider:
  m_ObjectHideFlags: 0
  m_CorrespondingSourceObject: {fileID: 0}
  m_PrefabInstance: {fileID: 0}
  m_PrefabAsset: {fileID: 0}
  m_GameObject: {fileID: 61006686564315164}
  m_Material: {fileID: 0}
  m_IncludeLayers:
    serializedVersion: 2
    m_Bits: 0
  m_ExcludeLayers:
    serializedVersion: 2
    m_Bits: 0
  m_LayerOverridePriority: 0
  m_IsTrigger: 0
  m_ProvidesContacts: 0
  m_Enabled: 1
  serializedVersion: 3
  m_Size: {x: 1, y: 1, z: 1}
  m_Center: {x: 0, y: 0, z: 0}
--- !u!54 &2424631798636677946
Rigidbody:
  m_ObjectHideFlags: 0
  m_CorrespondingSourceObject: {fileID: 0}
  m_PrefabInstance: {fileID: 0}
  m_PrefabAsset: {fileID: 0}
  m_GameObject: {fileID: 61006686564315164}
  serializedVersion: 4
  m_Mass: 1
  m_Drag: 0
  m_AngularDrag: 0.05
  m_CenterOfMass: {x: 0, y: 0, z: 0}
  m_InertiaTensor: {x: 1, y: 1, z: 1}
  m_InertiaRotation: {x: 0, y: 0, z: 0, w: 1}
  m_IncludeLayers:
    serializedVersion: 2
    m_Bits: 0
  m_ExcludeLayers:
    serializedVersion: 2
    m_Bits: 0
  m_ImplicitCom: 1
  m_ImplicitTensor: 1
  m_UseGravity: 1
  m_IsKinematic: 0
  m_Interpolate: 0
  m_Constraints: 126
  m_CollisionDetection: 0
--- !u!114 &2364593672850611226
MonoBehaviour:
  m_ObjectHideFlags: 0
  m_CorrespondingSourceObject: {fileID: 0}
  m_PrefabInstance: {fileID: 0}
  m_PrefabAsset: {fileID: 0}
  m_GameObject: {fileID: 61006686564315164}
  m_Enabled: 1
  m_EditorHideFlags: 0
  m_Script: {fileID: 11500000, guid: c6e62e5479fd6454c827e70daeb201dc, type: 3}
  m_Name: 
  m_EditorClassIdentifier: 
  m_BossSO: {fileID: 11400000, guid: 0fab6dd1bed668844a7c32ae5cb90217, type: 2}
  m_EstadoActual: 0
  m_ListaDePuntosMovimiento:
  - {fileID: 0}
  - {fileID: 0}
  - {fileID: 0}
  - {fileID: 0}
  m_Rigidbody: {fileID: 0}
  m_RellenadorPocionesBoss: {fileID: 0}
  m_BarraVidaBossController: {fileID: 0}
  m_ListaBombaSpawners:
  - {fileID: 0}
  - {fileID: 0}
  - {fileID: 0}
  - {fileID: 0}
  - {fileID: 0}
  - {fileID: 0}
  - {fileID: 0}
  - {fileID: 0}
  m_TiempoEsperaPasarAtaque: 1
  m_BossMuertoEvent: {fileID: 11400000, guid: 8e8fa2380dbe53c40ac0f7b317511956, type: 2}
  m_AudioDano: {fileID: 8300000, guid: 4bb971f8cefe2a7418b8e0cf5f75f1a6, type: 3}
  m_PuffMuerte: {fileID: 8926484042661614526, guid: 60491898110ca7f47b0feb23b83df2e6,
    type: 3}
  m_Modelo: {fileID: 8172942090992786160}
--- !u!114 &2711432889530620780
MonoBehaviour:
  m_ObjectHideFlags: 0
  m_CorrespondingSourceObject: {fileID: 0}
  m_PrefabInstance: {fileID: 0}
  m_PrefabAsset: {fileID: 0}
  m_GameObject: {fileID: 61006686564315164}
  m_Enabled: 1
  m_EditorHideFlags: 0
  m_Script: {fileID: 11500000, guid: 9e1a3eabb998ef4478ea2383962bdefc, type: 3}
  m_Name: 
  m_EditorClassIdentifier: 
  m_RellenarPocion: {fileID: 11400000, guid: 4ababa0ebbfb67d4aaa498f63b73a1c9, type: 2}
--- !u!82 &3929258273139227675
AudioSource:
  m_ObjectHideFlags: 0
  m_CorrespondingSourceObject: {fileID: 0}
  m_PrefabInstance: {fileID: 0}
  m_PrefabAsset: {fileID: 0}
  m_GameObject: {fileID: 61006686564315164}
  m_Enabled: 1
  serializedVersion: 4
  OutputAudioMixerGroup: {fileID: 0}
  m_audioClip: {fileID: 8300000, guid: 4bb971f8cefe2a7418b8e0cf5f75f1a6, type: 3}
  m_PlayOnAwake: 0
  m_Volume: 0.18
  m_Pitch: 1
  Loop: 0
  Mute: 0
  Spatialize: 0
  SpatializePostEffects: 0
  Priority: 126
  DopplerLevel: 1
  MinDistance: 1
  MaxDistance: 500
  Pan2D: 0
  rolloffMode: 0
  BypassEffects: 0
  BypassListenerEffects: 0
  BypassReverbZones: 0
  rolloffCustomCurve:
    serializedVersion: 2
    m_Curve:
    - serializedVersion: 3
      time: 0
      value: 1
      inSlope: 0
      outSlope: 0
      tangentMode: 0
      weightedMode: 0
      inWeight: 0.33333334
      outWeight: 0.33333334
    - serializedVersion: 3
      time: 1
      value: 0
      inSlope: 0
      outSlope: 0
      tangentMode: 0
      weightedMode: 0
      inWeight: 0.33333334
      outWeight: 0.33333334
    m_PreInfinity: 2
    m_PostInfinity: 2
    m_RotationOrder: 4
  panLevelCustomCurve:
    serializedVersion: 2
    m_Curve:
    - serializedVersion: 3
      time: 0
      value: 0
      inSlope: 0
      outSlope: 0
      tangentMode: 0
      weightedMode: 0
      inWeight: 0.33333334
      outWeight: 0.33333334
    m_PreInfinity: 2
    m_PostInfinity: 2
    m_RotationOrder: 4
  spreadCustomCurve:
    serializedVersion: 2
    m_Curve:
    - serializedVersion: 3
      time: 0
      value: 0
      inSlope: 0
      outSlope: 0
      tangentMode: 0
      weightedMode: 0
      inWeight: 0.33333334
      outWeight: 0.33333334
    m_PreInfinity: 2
    m_PostInfinity: 2
    m_RotationOrder: 4
  reverbZoneMixCustomCurve:
    serializedVersion: 2
    m_Curve:
    - serializedVersion: 3
      time: 0
      value: 1
      inSlope: 0
      outSlope: 0
      tangentMode: 0
      weightedMode: 0
      inWeight: 0.33333334
      outWeight: 0.33333334
    m_PreInfinity: 2
    m_PostInfinity: 2
    m_RotationOrder: 4
--- !u!2083052967 &7334692592404819021
VisualEffect:
  m_ObjectHideFlags: 0
  m_CorrespondingSourceObject: {fileID: 0}
  m_PrefabInstance: {fileID: 0}
  m_PrefabAsset: {fileID: 0}
  m_GameObject: {fileID: 61006686564315164}
  m_Enabled: 1
  m_Asset: {fileID: 8926484042661614526, guid: 60491898110ca7f47b0feb23b83df2e6, type: 3}
  m_InitialEventName: 
  m_InitialEventNameOverriden: 1
  m_StartSeed: 0
  m_ResetSeedOnPlay: 1
  m_AllowInstancing: 1
  m_ResourceVersion: 1
  m_PropertySheet:
    m_Float:
      m_Array: []
    m_Vector2f:
      m_Array: []
    m_Vector3f:
      m_Array: []
    m_Vector4f:
      m_Array: []
    m_Uint:
      m_Array: []
    m_Int:
      m_Array: []
    m_Matrix4x4f:
      m_Array: []
    m_AnimationCurve:
      m_Array: []
    m_Gradient:
      m_Array: []
    m_NamedObject:
      m_Array: []
    m_Bool:
      m_Array: []
--- !u!73398921 &2770155570962401855
VFXRenderer:
  serializedVersion: 1
  m_ObjectHideFlags: 0
  m_CorrespondingSourceObject: {fileID: 0}
  m_PrefabInstance: {fileID: 0}
  m_PrefabAsset: {fileID: 0}
  m_GameObject: {fileID: 61006686564315164}
  m_Enabled: 1
  m_CastShadows: 0
  m_ReceiveShadows: 0
  m_DynamicOccludee: 1
  m_StaticShadowCaster: 0
  m_MotionVectors: 0
  m_LightProbeUsage: 0
  m_ReflectionProbeUsage: 0
  m_RayTracingMode: 0
  m_RayTraceProcedural: 0
  m_RenderingLayerMask: 1
  m_RendererPriority: 0
  m_StaticBatchInfo:
    firstSubMesh: 0
    subMeshCount: 0
  m_StaticBatchRoot: {fileID: 0}
  m_ProbeAnchor: {fileID: 0}
  m_LightProbeVolumeOverride: {fileID: 0}
  m_ScaleInLightmap: 1
  m_ReceiveGI: 1
  m_PreserveUVs: 0
  m_IgnoreNormalsForChartDetection: 0
  m_ImportantGI: 0
  m_StitchLightmapSeams: 1
  m_SelectedEditorRenderState: 3
  m_MinimumChartSize: 4
  m_AutoUVMaxDistance: 0.5
  m_AutoUVMaxAngle: 89
  m_LightmapParameters: {fileID: 0}
  m_SortingLayerID: 0
  m_SortingLayer: 0
  m_SortingOrder: 0
--- !u!114 &-4184486116798981888
MonoBehaviour:
  m_ObjectHideFlags: 0
  m_CorrespondingSourceObject: {fileID: 0}
  m_PrefabInstance: {fileID: 0}
  m_PrefabAsset: {fileID: 0}
  m_GameObject: {fileID: 61006686564315164}
  m_Enabled: 1
  m_EditorHideFlags: 0
  m_Script: {fileID: 11500000, guid: 257222a69431d3b4db03b802c7ec1936, type: 3}
  m_Name: 
  m_EditorClassIdentifier: 
  Event: {fileID: 11400000, guid: dc35aba238669e442b3c90d099b80520, type: 2}
  Response:
    m_PersistentCalls:
      m_Calls:
      - m_Target: {fileID: 1452081161964664000}
        m_TargetAssemblyTypeName: AudioControllerEfectos, Assembly-CSharp
        m_MethodName: ActualizarVolumenEfecto
        m_Mode: 1
        m_Arguments:
          m_ObjectArgument: {fileID: 0}
          m_ObjectArgumentAssemblyTypeName: UnityEngine.Object, UnityEngine
          m_IntArgument: 0
          m_FloatArgument: 0
          m_StringArgument: 
          m_BoolArgument: 0
        m_CallState: 2
--- !u!114 &1452081161964664000
MonoBehaviour:
  m_ObjectHideFlags: 0
  m_CorrespondingSourceObject: {fileID: 0}
  m_PrefabInstance: {fileID: 0}
  m_PrefabAsset: {fileID: 0}
  m_GameObject: {fileID: 61006686564315164}
  m_Enabled: 1
  m_EditorHideFlags: 0
  m_Script: {fileID: 11500000, guid: 0a49b9898409d3e47901a4ba6dcef18d, type: 3}
  m_Name: 
  m_EditorClassIdentifier: 
  m_VolumenMaximo: 0
--- !u!1001 &8172117844856140248
PrefabInstance:
  m_ObjectHideFlags: 0
  serializedVersion: 2
  m_Modification:
    serializedVersion: 3
    m_TransformParent: {fileID: 814823687623882590}
    m_Modifications:
    - target: {fileID: 1458391615630120, guid: 6d18ca3ac0d2ecd4aa99a8099af486bb, type: 3}
      propertyPath: m_Name
      value: AlienFighter
      objectReference: {fileID: 0}
    - target: {fileID: 4154595508381948, guid: 6d18ca3ac0d2ecd4aa99a8099af486bb, type: 3}
      propertyPath: m_RootOrder
      value: 0
      objectReference: {fileID: 0}
    - target: {fileID: 4154595508381948, guid: 6d18ca3ac0d2ecd4aa99a8099af486bb, type: 3}
      propertyPath: m_LocalScale.x
      value: 0.8
      objectReference: {fileID: 0}
    - target: {fileID: 4154595508381948, guid: 6d18ca3ac0d2ecd4aa99a8099af486bb, type: 3}
      propertyPath: m_LocalScale.y
      value: 0.8
      objectReference: {fileID: 0}
    - target: {fileID: 4154595508381948, guid: 6d18ca3ac0d2ecd4aa99a8099af486bb, type: 3}
      propertyPath: m_LocalScale.z
      value: 0.8
      objectReference: {fileID: 0}
    - target: {fileID: 4154595508381948, guid: 6d18ca3ac0d2ecd4aa99a8099af486bb, type: 3}
      propertyPath: m_LocalPosition.x
      value: 0
      objectReference: {fileID: 0}
    - target: {fileID: 4154595508381948, guid: 6d18ca3ac0d2ecd4aa99a8099af486bb, type: 3}
      propertyPath: m_LocalPosition.y
      value: 0
      objectReference: {fileID: 0}
    - target: {fileID: 4154595508381948, guid: 6d18ca3ac0d2ecd4aa99a8099af486bb, type: 3}
      propertyPath: m_LocalPosition.z
      value: 0
      objectReference: {fileID: 0}
    - target: {fileID: 4154595508381948, guid: 6d18ca3ac0d2ecd4aa99a8099af486bb, type: 3}
      propertyPath: m_LocalRotation.w
      value: 1
      objectReference: {fileID: 0}
    - target: {fileID: 4154595508381948, guid: 6d18ca3ac0d2ecd4aa99a8099af486bb, type: 3}
      propertyPath: m_LocalRotation.x
      value: 0
      objectReference: {fileID: 0}
    - target: {fileID: 4154595508381948, guid: 6d18ca3ac0d2ecd4aa99a8099af486bb, type: 3}
      propertyPath: m_LocalRotation.y
      value: -0
      objectReference: {fileID: 0}
    - target: {fileID: 4154595508381948, guid: 6d18ca3ac0d2ecd4aa99a8099af486bb, type: 3}
      propertyPath: m_LocalRotation.z
      value: -0
      objectReference: {fileID: 0}
    - target: {fileID: 4154595508381948, guid: 6d18ca3ac0d2ecd4aa99a8099af486bb, type: 3}
      propertyPath: m_LocalEulerAnglesHint.x
      value: 0
      objectReference: {fileID: 0}
    - target: {fileID: 4154595508381948, guid: 6d18ca3ac0d2ecd4aa99a8099af486bb, type: 3}
      propertyPath: m_LocalEulerAnglesHint.y
      value: 0
      objectReference: {fileID: 0}
    - target: {fileID: 4154595508381948, guid: 6d18ca3ac0d2ecd4aa99a8099af486bb, type: 3}
      propertyPath: m_LocalEulerAnglesHint.z
      value: 0
      objectReference: {fileID: 0}
    - target: {fileID: 23048021916812000, guid: 6d18ca3ac0d2ecd4aa99a8099af486bb,
        type: 3}
      propertyPath: m_Materials.Array.data[0]
      value: 
      objectReference: {fileID: 2100000, guid: 7ca066bd215265944b014b0ea36f37f4, type: 2}
    m_RemovedComponents: []
    m_RemovedGameObjects: []
    m_AddedGameObjects: []
    m_AddedComponents: []
  m_SourcePrefab: {fileID: 100100000, guid: 6d18ca3ac0d2ecd4aa99a8099af486bb, type: 3}
--- !u!4 &8171767732458592548 stripped
Transform:
  m_CorrespondingSourceObject: {fileID: 4154595508381948, guid: 6d18ca3ac0d2ecd4aa99a8099af486bb,
    type: 3}
  m_PrefabInstance: {fileID: 8172117844856140248}
  m_PrefabAsset: {fileID: 0}
--- !u!1 &8172942090992786160 stripped
GameObject:
  m_CorrespondingSourceObject: {fileID: 1458391615630120, guid: 6d18ca3ac0d2ecd4aa99a8099af486bb,
    type: 3}
  m_PrefabInstance: {fileID: 8172117844856140248}
  m_PrefabAsset: {fileID: 0}
